<record><leader>00000cas a22000007a 4500</leader><controlfield tag="001">35618909</controlfield><controlfield tag="008">960923d189u189uokuwr n       0    0eng d</controlfield><datafield ind1=" " ind2=" " tag="010"><subfield code="a">sn 96093009 </subfield></datafield><datafield ind1=" " ind2=" " tag="040"><subfield code="a">OBN</subfield><subfield code="b">eng</subfield><subfield code="c">OBN</subfield><subfield code="d">OCLCQ</subfield><subfield code="d">OCLCF</subfield><subfield code="d">OCLCO</subfield></datafield><datafield ind1="1" ind2=" " tag="029"><subfield code="a">AU@</subfield><subfield code="b">000012845374</subfield></datafield><datafield ind1=" " ind2=" " tag="042"><subfield code="a">msc</subfield></datafield><datafield ind1=" " ind2=" " tag="043"><subfield code="a">n-us-ok</subfield></datafield><datafield ind1="0" ind2="0" tag="245"><subfield code="a">Vinita globe.</subfield></datafield><datafield ind1="3" ind2=" " tag="246"><subfield code="a">Globe</subfield></datafield><datafield ind1=" " ind2=" " tag="260"><subfield code="a">Vinita, I.T. [Okla.] :</subfield><subfield code="b">T.R. Knight</subfield></datafield><datafield ind1=" " ind2=" " tag="300"><subfield code="a">v.</subfield></datafield><datafield ind1=" " ind2=" " tag="310"><subfield code="a">Weekly,</subfield><subfield code="b">Apr. 19, 1895-</subfield></datafield><datafield ind1=" " ind2=" " tag="321"><subfield code="a">Semiweekly,</subfield><subfield code="b">Mar. 27-Apr. 12, 1895</subfield></datafield><datafield ind1=" " ind2=" " tag="321"><subfield code="a">Weekly,</subfield><subfield code="b">Jan. 6-June 1, 1892</subfield></datafield><datafield ind1=" " ind2=" " tag="500"><subfield code="a">Published as: The Globe, July 12-Aug. 23, 1895.</subfield></datafield><datafield ind1=" " ind2=" " tag="588"><subfield code="a">Description based on: Jan. 6, 1892.</subfield></datafield><datafield ind1=" " ind2="0" tag="651"><subfield code="a">Vinita (Okla.)</subfield><subfield code="v">Newspapers.</subfield></datafield><datafield ind1=" " ind2="0" tag="651"><subfield code="a">Craig County (Okla.)</subfield><subfield code="v">Newspapers.</subfield></datafield><datafield ind1=" " ind2="0" tag="651"><subfield code="a">Indian Territory</subfield><subfield code="v">Newspapers.</subfield></datafield><datafield ind1=" " ind2="7" tag="655"><subfield code="a">Newspapers.</subfield><subfield code="2">fast</subfield><subfield code="0">(OCoLC)fst01423814</subfield></datafield><datafield ind1=" " ind2="7" tag="651"><subfield code="a">Oklahoma</subfield><subfield code="z">Craig County.</subfield><subfield code="2">fast</subfield><subfield code="0">(OCoLC)fst01207172</subfield></datafield><datafield ind1=" " ind2="7" tag="651"><subfield code="a">Oklahoma</subfield><subfield code="z">Indian Territory.</subfield><subfield code="2">fast</subfield><subfield code="0">(OCoLC)fst01225150</subfield></datafield><datafield ind1=" " ind2="7" tag="651"><subfield code="a">Oklahoma</subfield><subfield code="z">Vinita.</subfield><subfield code="2">fast</subfield><subfield code="0">(OCoLC)fst01220562</subfield></datafield><datafield ind1="0" ind2="0" tag="780"><subfield code="t">Vinita world</subfield><subfield code="w">(DLC)sn 88074681</subfield><subfield code="w">(OCoLC)17701580</subfield></datafield></record>